<record><leader>00000cas a22000007a 4500</leader><controlfield tag="001">18616188</controlfield><controlfield tag="008">881017d19011904nduwr ne      0    0eng d</controlfield><datafield ind1=" " ind2=" " tag="010"><subfield code="a">sn 88076609 </subfield></datafield><datafield ind1=" " ind2=" " tag="040"><subfield code="a">NOP</subfield><subfield code="b">eng</subfield><subfield code="c">NOP</subfield><subfield code="d">OCLCQ</subfield></datafield><datafield ind1=" " ind2=" " tag="042"><subfield code="a">msc</subfield></datafield><datafield ind1="0" ind2="0" tag="245"><subfield code="a">Mouse River standard.</subfield></datafield><datafield ind1=" " ind2=" " tag="260"><subfield code="a">Richburg, Bottineau Coutny, N.D. :</subfield><subfield code="b">A.J. Drake</subfield></datafield><datafield ind1=" " ind2=" " tag="300"><subfield code="a">4 v. :</subfield><subfield code="b">ill. ;</subfield><subfield code="c">49 cm.</subfield></datafield><datafield ind1=" " ind2=" " tag="310"><subfield code="a">Weekly</subfield></datafield><datafield ind1="0" ind2=" " tag="362"><subfield code="a">Vol. 1, no. 1 (May 3, 1901)-v. 4, no. 5 (May 27, 1904).</subfield></datafield><datafield ind1=" " ind2=" " tag="500"><subfield code="a">Place of publication varies: Richburg, N.D., May 31, 1901-Oct. 30, 1903; Westhope, N.D., Nov. 6, 1903-May 27, 1904.</subfield></datafield><datafield ind1=" " ind2=" " tag="500"><subfield code="a">"Official paper of the County", 1901-1903.</subfield></datafield><datafield ind1=" " ind2=" " tag="530"><subfield code="a">Available on microfilm from the State Historical Society of North Dakota.</subfield></datafield><datafield ind1=" " ind2=" " tag="752"><subfield code="a">United States</subfield><subfield code="b">North Dakota</subfield><subfield code="c">Bottineau</subfield><subfield code="d">Westhope.</subfield></datafield><datafield ind1=" " ind2=" " tag="752"><subfield code="a">United States</subfield><subfield code="b">North Dakota</subfield><subfield code="c">Bottineau</subfield><subfield code="d">Richburg.</subfield></datafield><datafield ind1="0" ind2="7" tag="785"><subfield code="t">Westhope review</subfield><subfield code="w">(DLC)sn 88076610</subfield></datafield><datafield ind1="0" ind2="7" tag="785"><subfield code="t">Westhope standard (Westhope, N.D. : 1904)</subfield><subfield code="w">(DLC)sn 88076611</subfield></datafield></record>